%YAML 1.1
%TAG !u! tag:unity3d.com,2011:
--- !u!1 &1508288777220931357
GameObject:
  m_ObjectHideFlags: 0
  m_CorrespondingSourceObject: {fileID: 0}
  m_PrefabInstance: {fileID: 0}
  m_PrefabAsset: {fileID: 0}
  serializedVersion: 6
  m_Component:
  - component: {fileID: 1508288777220931296}
  - component: {fileID: 7296368263482917955}
  - component: {fileID: 4676080770426757019}
  - component: {fileID: 1334579479031944590}
  - component: {fileID: 3672882317210789445}
  - component: {fileID: 4556584895963015102}
  m_Layer: 0
  m_Name: PlayerPrefabsTed
  m_TagString: Player
  m_Icon: {fileID: 0}
  m_NavMeshLayer: 0
  m_StaticEditorFlags: 0
  m_IsActive: 1
--- !u!4 &1508288777220931296
Transform:
  m_ObjectHideFlags: 0
  m_CorrespondingSourceObject: {fileID: 0}
  m_PrefabInstance: {fileID: 0}
  m_PrefabAsset: {fileID: 0}
  m_GameObject: {fileID: 1508288777220931357}
  m_LocalRotation: {x: 0, y: 0, z: 0, w: 1}
  m_LocalPosition: {x: 0, y: 0, z: 0}
  m_LocalScale: {x: 1, y: 1, z: 1}
  m_Children:
  - {fileID: 288074385635771433}
  - {fileID: 575807753620271739}
  - {fileID: 1928377980980310499}
  m_Father: {fileID: 0}
  m_RootOrder: 0
  m_LocalEulerAnglesHint: {x: 0, y: 0, z: 0}
--- !u!114 &7296368263482917955
MonoBehaviour:
  m_ObjectHideFlags: 0
  m_CorrespondingSourceObject: {fileID: 0}
  m_PrefabInstance: {fileID: 0}
  m_PrefabAsset: {fileID: 0}
  m_GameObject: {fileID: 1508288777220931357}
  m_Enabled: 1
  m_EditorHideFlags: 0
  m_Script: {fileID: 11500000, guid: 7a3965d107551f243b768d14c7abbf02, type: 3}
  m_Name: 
  m_EditorClassIdentifier: 
--- !u!114 &4676080770426757019
MonoBehaviour:
  m_ObjectHideFlags: 0
  m_CorrespondingSourceObject: {fileID: 0}
  m_PrefabInstance: {fileID: 0}
  m_PrefabAsset: {fileID: 0}
  m_GameObject: {fileID: 1508288777220931357}
  m_Enabled: 1
  m_EditorHideFlags: 0
  m_Script: {fileID: 11500000, guid: 6db46b3f4ca7a7d4f9ada58f553c3dcb, type: 3}
  m_Name: 
  m_EditorClassIdentifier: 
  m_JumpForce: 500
  m_CrouchSpeed: 0.49
  m_MovementSmoothing: 0.108
  m_AirControl: 1
  m_WhatIsGround:
    serializedVersion: 2
    m_Bits: 4294967295
  m_GroundCheck: {fileID: 288074385635771433}
  m_CeilingCheck: {fileID: 575807753620271739}
  m_CrouchDisableCollider: {fileID: 0}
  OnLandEvent:
    m_PersistentCalls:
      m_Calls: []
  OnCrouchEvent:
    m_PersistentCalls:
      m_Calls: []
--- !u!114 &1334579479031944590
MonoBehaviour:
  m_ObjectHideFlags: 0
  m_CorrespondingSourceObject: {fileID: 0}
  m_PrefabInstance: {fileID: 0}
  m_PrefabAsset: {fileID: 0}
  m_GameObject: {fileID: 1508288777220931357}
  m_Enabled: 1
  m_EditorHideFlags: 0
  m_Script: {fileID: 11500000, guid: 8712e276b3502fe459e3ec7bbe43753a, type: 3}
  m_Name: 
  m_EditorClassIdentifier: 
  controller: {fileID: 4676080770426757019}
  horizontalMove: 80
  runSpeed: 80
  walking: 1
  animator: {fileID: 4649648788885983061}
--- !u!50 &3672882317210789445
Rigidbody2D:
  serializedVersion: 4
  m_ObjectHideFlags: 0
  m_CorrespondingSourceObject: {fileID: 0}
  m_PrefabInstance: {fileID: 0}
  m_PrefabAsset: {fileID: 0}
  m_GameObject: {fileID: 1508288777220931357}
  m_BodyType: 0
  m_Simulated: 1
  m_UseFullKinematicContacts: 0
  m_UseAutoMass: 0
  m_Mass: 1
  m_LinearDrag: 0
  m_AngularDrag: 0.05
  m_GravityScale: 1
  m_Material: {fileID: 0}
  m_Interpolate: 0
  m_SleepingMode: 1
  m_CollisionDetection: 0
  m_Constraints: 4
--- !u!61 &4556584895963015102
BoxCollider2D:
  m_ObjectHideFlags: 0
  m_CorrespondingSourceObject: {fileID: 0}
  m_PrefabInstance: {fileID: 0}
  m_PrefabAsset: {fileID: 0}
  m_GameObject: {fileID: 1508288777220931357}
  m_Enabled: 1
  m_Density: 1
  m_Material: {fileID: 0}
  m_IsTrigger: 0
  m_UsedByEffector: 0
  m_UsedByComposite: 0
  m_Offset: {x: -0.02, y: 0.255}
  m_SpriteTilingProperty:
    border: {x: 0.049999997, y: 0.049999997, z: 0.049999997, w: 0.049999997}
    pivot: {x: 0.5, y: 0.5}
    oldSize: {x: 0.16, y: 0.16}
    newSize: {x: 0.16, y: 0.16}
    adaptiveTilingThreshold: 0.5
    drawMode: 0
    adaptiveTiling: 0
  m_AutoTiling: 0
  serializedVersion: 2
  m_Size: {x: 0.2, y: 0.5}
  m_EdgeRadius: 0
--- !u!1 &3428223577335231679
GameObject:
  m_ObjectHideFlags: 0
  m_CorrespondingSourceObject: {fileID: 0}
  m_PrefabInstance: {fileID: 0}
  m_PrefabAsset: {fileID: 0}
  serializedVersion: 6
  m_Component:
  - component: {fileID: 288074385635771433}
  m_Layer: 0
  m_Name: GroundCheck
  m_TagString: Untagged
  m_Icon: {fileID: 0}
  m_NavMeshLayer: 0
  m_StaticEditorFlags: 0
  m_IsActive: 1
--- !u!4 &288074385635771433
Transform:
  m_ObjectHideFlags: 0
  m_CorrespondingSourceObject: {fileID: 0}
  m_PrefabInstance: {fileID: 0}
  m_PrefabAsset: {fileID: 0}
  m_GameObject: {fileID: 3428223577335231679}
  m_LocalRotation: {x: -0, y: -0, z: -0, w: 1}
  m_LocalPosition: {x: -0.18, y: -0.27, z: 0}
  m_LocalScale: {x: 0.1, y: 0.1, z: 1}
  m_Children: []
  m_Father: {fileID: 1508288777220931296}
  m_RootOrder: 0
  m_LocalEulerAnglesHint: {x: 0, y: 0, z: 0}
--- !u!1 &7079065691088981833
GameObject:
  m_ObjectHideFlags: 0
  m_CorrespondingSourceObject: {fileID: 0}
  m_PrefabInstance: {fileID: 0}
  m_PrefabAsset: {fileID: 0}
  serializedVersion: 6
  m_Component:
  - component: {fileID: 575807753620271739}
  m_Layer: 0
  m_Name: CeilingCheck
  m_TagString: Untagged
  m_Icon: {fileID: 0}
  m_NavMeshLayer: 0
  m_StaticEditorFlags: 0
  m_IsActive: 1
--- !u!4 &575807753620271739
Transform:
  m_ObjectHideFlags: 0
  m_CorrespondingSourceObject: {fileID: 0}
  m_PrefabInstance: {fileID: 0}
  m_PrefabAsset: {fileID: 0}
  m_GameObject: {fileID: 7079065691088981833}
  m_LocalRotation: {x: -0, y: -0, z: -0, w: 1}
  m_LocalPosition: {x: 0, y: 5.77, z: 0}
  m_LocalScale: {x: 0.1, y: 0.1, z: 1}
  m_Children: []
  m_Father: {fileID: 1508288777220931296}
  m_RootOrder: 1
  m_LocalEulerAnglesHint: {x: 0, y: 0, z: 0}
--- !u!1001 &5896341570172454799
PrefabInstance:
  m_ObjectHideFlags: 0
  serializedVersion: 2
  m_Modification:
    m_TransformParent: {fileID: 1508288777220931296}
    m_Modifications:
    - target: {fileID: 5410787861529867884, guid: f6cab25451dc05249a87e5db461c390a,
        type: 3}
      propertyPath: m_LocalPosition.x
      value: 0
      objectReference: {fileID: 0}
    - target: {fileID: 5410787861529867884, guid: f6cab25451dc05249a87e5db461c390a,
        type: 3}
      propertyPath: m_LocalPosition.y
      value: 0
      objectReference: {fileID: 0}
    - target: {fileID: 5410787861529867884, guid: f6cab25451dc05249a87e5db461c390a,
        type: 3}
      propertyPath: m_LocalPosition.z
      value: 0
      objectReference: {fileID: 0}
    - target: {fileID: 5410787861529867884, guid: f6cab25451dc05249a87e5db461c390a,
        type: 3}
      propertyPath: m_LocalRotation.x
      value: -0
      objectReference: {fileID: 0}
    - target: {fileID: 5410787861529867884, guid: f6cab25451dc05249a87e5db461c390a,
        type: 3}
      propertyPath: m_LocalRotation.y
      value: -0
      objectReference: {fileID: 0}
    - target: {fileID: 5410787861529867884, guid: f6cab25451dc05249a87e5db461c390a,
        type: 3}
      propertyPath: m_LocalRotation.z
      value: -0
      objectReference: {fileID: 0}
    - target: {fileID: 5410787861529867884, guid: f6cab25451dc05249a87e5db461c390a,
        type: 3}
      propertyPath: m_LocalRotation.w
      value: 1
      objectReference: {fileID: 0}
    - target: {fileID: 5410787861529867884, guid: f6cab25451dc05249a87e5db461c390a,
        type: 3}
      propertyPath: m_RootOrder
      value: 2
      objectReference: {fileID: 0}
    - target: {fileID: 5410787861529867884, guid: f6cab25451dc05249a87e5db461c390a,
        type: 3}
      propertyPath: m_LocalEulerAnglesHint.x
      value: 0
      objectReference: {fileID: 0}
    - target: {fileID: 5410787861529867884, guid: f6cab25451dc05249a87e5db461c390a,
        type: 3}
      propertyPath: m_LocalEulerAnglesHint.y
      value: 0
      objectReference: {fileID: 0}
    - target: {fileID: 5410787861529867884, guid: f6cab25451dc05249a87e5db461c390a,
        type: 3}
      propertyPath: m_LocalEulerAnglesHint.z
      value: 0
      objectReference: {fileID: 0}
    - target: {fileID: 5410787861529867884, guid: f6cab25451dc05249a87e5db461c390a,
        type: 3}
      propertyPath: m_LocalScale.x
      value: 0.5
      objectReference: {fileID: 0}
    - target: {fileID: 5410787861529867884, guid: f6cab25451dc05249a87e5db461c390a,
        type: 3}
      propertyPath: m_LocalScale.y
      value: 0.5
      objectReference: {fileID: 0}
    - target: {fileID: 5410787861529867884, guid: f6cab25451dc05249a87e5db461c390a,
        type: 3}
      propertyPath: m_LocalScale.z
      value: 0.5
      objectReference: {fileID: 0}
    - target: {fileID: 6561409551551642873, guid: f6cab25451dc05249a87e5db461c390a,
        type: 3}
      propertyPath: m_Name
      value: HeroSpriteAplati 1
      objectReference: {fileID: 0}
    m_RemovedComponents: []
  m_SourcePrefab: {fileID: 100100000, guid: f6cab25451dc05249a87e5db461c390a, type: 3}
--- !u!4 &1928377980980310499 stripped
Transform:
  m_CorrespondingSourceObject: {fileID: 5410787861529867884, guid: f6cab25451dc05249a87e5db461c390a,
    type: 3}
  m_PrefabInstance: {fileID: 5896341570172454799}
  m_PrefabAsset: {fileID: 0}
--- !u!95 &4649648788885983061 stripped
Animator:
  m_CorrespondingSourceObject: {fileID: 1248303703377594586, guid: f6cab25451dc05249a87e5db461c390a,
    type: 3}
  m_PrefabInstance: {fileID: 5896341570172454799}
  m_PrefabAsset: {fileID: 0}
